@article{10years,
  author    = {Rodrigo Benenson and
               Mohamed Omran and
               Jan Hendrik Hosang and
               Bernt Schiele},
  title     = {Ten Years of Pedestrian Detection, What Have We Learned?},
  journal   = {CoRR},
  volume    = {abs/1411.4304},
  year      = {2014},
  url       = {http://arxiv.org/abs/1411.4304},
  timestamp = {Mon, 01 Dec 2014 14:32:13 +0100},
  biburl    = {http://dblp.uni-trier.de/rec/bib/journals/corr/BenensonOHS14},
  bibsource = {dblp computer science bibliography, http://dblp.org}
}

@inproceedings{HOG,
 author = {Dalal, Navneet and Triggs, Bill},
 title = {Histograms of Oriented Gradients for Human Detection},
 booktitle = {Proceedings of the 2005 IEEE Computer Society Conference on Computer Vision and Pattern Recognition (CVPR'05) - Volume 1 - Volume 01},
 series = {CVPR '05},
 year = {2005},
 isbn = {0-7695-2372-2},
 pages = {886--893},
 numpages = {8},
 url = {http://dx.doi.org/10.1109/CVPR.2005.177},
 doi = {10.1109/CVPR.2005.177},
 acmid = {1069007},
 publisher = {IEEE Computer Society},
 address = {Washington, DC, USA},
} 

@manual{SVMcat,
  author    = {V. Depoortere et al.},
title = {Efficient pedestrian detection: a test case for SVM based categorization},
  year      = {2002},
  organization = {Cognitive Vision Workshop}
}

@INPROCEEDINGS{Wavelet,
    author = {Michael Oren and Constantine Papageorgiou and Pawan Sinha and Edgar Osuna and Tomaso Poggio},
    title = {Pedestrian Detection Using Wavelet Templates},
    booktitle = {in Computer Vision and Pattern Recognition},
    year = {1997},
    pages = {193--199}
}

@article{TV,
  added-at = {2005-09-30T00:00:00.000+0200},
  author = {Tsukiyama, Toshifumi and Shirai, Yoshiaki},
  biburl = {http://www.bibsonomy.org/bibtex/2e0e0ebd3b058f88a35d12cef3fc8d63f/dblp},
  date = {2005-09-30},
  description = {dblp},
  ee = {http://dx.doi.org/10.1016/0031-3203(85)90046-9},
  interhash = {dcdaadd822a688dc13d8a073e8e5fe7d},
  intrahash = {e0e0ebd3b058f88a35d12cef3fc8d63f},
  journal = {Pattern Recognition},
  keywords = {dblp},
  number = {3-4},
  pages = {207-213},
  timestamp = {2005-09-30T00:00:00.000+0200},
  title = {Detection of the movements of persons from a sparse sequence of TV images.},
  url = {http://dblp.uni-trier.de/db/journals/pr/pr18.html#TsukiyamaS85},
  volume = 18,
  year = 1985
}

@INPROCEEDINGS{trainableDet,
    author = {Constantine Papageorgiou and Theodoros Evgeniou and Tomaso Poggio},
    title = {A Trainable Pedestrian Detection System},
    booktitle = {In Proceedings of Intelligent Vehicles},
    year = {1998},
    pages = {241--246}
}

@article{SotAPed,
 author = {Dollar, Piotr and Wojek, Christian and Schiele, Bernt and Perona, Pietro},
 title = {Pedestrian Detection: An Evaluation of the State of the Art},
 journal = {IEEE Trans. Pattern Anal. Mach. Intell.},
 issue_date = {April 2012},
 volume = {34},
 number = {4},
 month = apr,
 year = {2012},
 issn = {0162-8828},
 pages = {743--761},
 numpages = {19},
 url = {http://dx.doi.org/10.1109/TPAMI.2011.155},
 doi = {10.1109/TPAMI.2011.155},
 acmid = {2197275},
 publisher = {IEEE Computer Society},
 address = {Washington, DC, USA},
 keywords = {Pedestrian detection, object detection, benchmark, evaluation, data set, Caltech Pedestrian data set.},
} 

@inproceedings{NewPedDet,
  added-at = {2014-07-31T00:00:00.000+0200},
  author = {Walk, Stefan and Majer, Nikodem and Schindler, Konrad and Schiele, Bernt},
  biburl = {http://www.bibsonomy.org/bibtex/2f583cfae5c594a52212fa18ca50fc8a0/dblp},
  booktitle = {CVPR},
  ee = {http://doi.ieeecomputersociety.org/10.1109/CVPR.2010.5540102},
  interhash = {b9eab603813f996a8b0e77c9d5c3256e},
  intrahash = {f583cfae5c594a52212fa18ca50fc8a0},
  isbn = {978-1-4244-6984-0},
  keywords = {dblp},
  pages = {1030-1037},
  publisher = {IEEE Computer Society},
  timestamp = {2015-06-19T16:09:09.000+0200},
  title = {New features and insights for pedestrian detection.},
  url = {http://dblp.uni-trier.de/db/conf/cvpr/cvpr2010.html#WalkMSS10},
  year = 2010
}

@inproceedings{cowboy,
   title = {The Fastest Pedestrian Detector in the West},
   author = {Dollar, Piotr and Belongie, Serge and Perona, Pietro},
   year = {2010},
   pages = {68.1--68.11},
   booktitle = {Proceedings of the British Machine Vision Conference},
   publisher = {BMVA Press},
   editors = {Labrosse, Fr\'ed\'eric and Zwiggelaar, Reyer and Liu, Yonghuai and Tiddeman, Bernie},
   isbn = {1-901725-40-5},
   note = {doi:10.5244/C.24.68}
}

@article{VJones,
 author = {Viola, Paul and Jones, Michael J. and Snow, Daniel},
 title = {Detecting Pedestrians Using Patterns of Motion and Appearance},
 journal = {Int. J. Comput. Vision},
 issue_date = {July      2005},
 volume = {63},
 number = {2},
 month = jul,
 year = {2005},
 issn = {0920-5691},
 pages = {153--161},
 numpages = {9},
 url = {http://dx.doi.org/10.1007/s11263-005-6644-8},
 doi = {10.1007/s11263-005-6644-8},
 acmid = {1057318},
 publisher = {Kluwer Academic Publishers},
 address = {Hingham, MA, USA},
 keywords = {boosting, human sensing, pedestrian detection, tracking},
} 

@inproceedings{FeatMining,
  added-at = {2014-07-31T00:00:00.000+0200},
  author = {Doll√°r, Piotr and Tu, Zhuowen and Tao, Hai and Belongie, Serge},
  biburl = {http://www.bibsonomy.org/bibtex/206fc6808b6dcae5cb0df9a68ca7fc05b/dblp},
  booktitle = {CVPR},
  ee = {http://doi.ieeecomputersociety.org/10.1109/CVPR.2007.383046},
  interhash = {55ef2016f2adb96f429ec17e38e7977a},
  intrahash = {06fc6808b6dcae5cb0df9a68ca7fc05b},
  isbn = {1-4244-1179-3},
  keywords = {dblp},
  publisher = {IEEE Computer Society},
  timestamp = {2015-06-19T16:04:09.000+0200},
  title = {Feature Mining for Image Classification.},
  url = {http://dblp.uni-trier.de/db/conf/cvpr/cvpr2007.html#DollarTTB07},
  year = 2007
}


